@electronic{kryzysGrecji,
  author        = "PolskieRadio.pl",
  title         = "Grecja: bankomaty zaczęły ponownie działać. Nie ma limitu wypłat dla zagranicznych turystów",
  url           = "https://www.polskieradio.pl/42/273/Artykul/1468946",
  year          = "2015"
}

@electronic{git,
  author        = "Linus Torvalds",
  title         = "Git - system kontroli wersji",
  url           = "https://git-scm.com",
}

@electronic{transakcje,
  author        = "blockchain.info",
  url           = "https://blockchain.info/charts/n-transactions-per-block",
}

@electronic{porownanieTransakcji,
  author        = "PolskieRadio.pl",
  title         = "Bitcoin and Ethereum vs Visa and PayPal – Transactions per second",
  url           = "https://mybroadband.co.za/news/banking/206742-bitcoin-and-ethereum-vs-visa-and-paypal-transactions-per-second.html",
  year          = "2017"
}

@electronic{niezatwierdzoneTransakcje,
  author        = "blockchain.info",
  url           = "https://blockchain.info/unconfirmed-transactions",
}
